@book{Cormen:2009:IAT:1614191,
 author = {Cormen, Thomas H. and Leiserson, Charles E. and Rivest, Ronald L. and Stein, Clifford},
 title = {Introduction to Algorithms, Third Edition},
 year = {2009},
 isbn = {0262033844, 9780262033848},
 edition = {3rd},
 publisher = {The MIT Press},
} 

% triangle TSP approx 219/220
@article{Papadimitriou:2006:s00493-006-0008-z,
author = {Papadimitriou, Christos and Vempala†, Santosh},
year = {2006},
month = {02},
pages = {101-120},
title = {On The Approximability Of The Traveling Salesman Problem},
volume = {26},
journal = {Conference Proceedings of the Annual ACM Symposium on Theory of Computing},
doi = {10.1007/s00493-006-0008-z}
}

% PTAS algo for Euclidean TSP
@article{Arora:1998:PTA:290179.290180,
 author = {Arora, Sanjeev},
 title = {Polynomial Time Approximation Schemes for Euclidean Traveling Salesman and Other Geometric Problems},
 journal = {J. ACM},
 issue_date = {Sept. 1998},
 volume = {45},
 number = {5},
 month = sep,
 year = {1998},
 issn = {0004-5411},
 pages = {753--782},
 numpages = {30},
 url = {http://doi.acm.org/10.1145/290179.290180},
 doi = {10.1145/290179.290180},
 acmid = {290180},
 publisher = {ACM},
 address = {New York, NY, USA},
 keywords = {Steiner problem, approximation algorithms, matching, network design, traveling salesman problem},
}

% Christofides algorithm
@techreport{Chr76,
  added-at = {2008-01-10T17:04:02.000+0100},
  author = {Christofides, Nicos},
  biburl = {https://www.bibsonomy.org/bibtex/2107ce5afe4cdd886e5cf863b16533205/jvrb_regulski},
  institution = {Graduate School of Industrial Administration, Carnegie Mellon University},
  interhash = {17c4f6224da4a8ead47972fd788d7556},
  intrahash = {107ce5afe4cdd886e5cf863b16533205},
  keywords = {3(2006)12},
  number = 388,
  timestamp = {2008-01-10T17:06:15.000+0100},
  title = {Worst-case analysis of a new heuristic for the travelling salesman problem},
  type = {Technical Report},
  year = 1976
}

% prim MST
@article{Prim57,
author={R. C. {Prim}},
journal={The Bell System Technical Journal},
title={Shortest connection networks and some generalizations},
year={1957},
volume={36},
number={6},
pages={1389-1401},
keywords={},
doi={10.1002/j.1538-7305.1957.tb01515.x},
ISSN={},
month={Nov},}

% figure for p/np/conp class
@inproceedings{Roos2010IntroductionTC,
  title={Introduction to Computational Complexity — Mathematical Programming Glossary Supplement —},
  author={Magnus Roos and J{\"o}rg Rothe},
  year={2010}
}
